<record><leader>00000cas a22000007a 4500</leader><controlfield tag="001">13562448</controlfield><controlfield tag="008">860513d19521957mtudn ne      0    0eng d</controlfield><datafield ind1=" " ind2=" " tag="010"><subfield code="a">sn 86075158 </subfield></datafield><datafield ind1=" " ind2=" " tag="040"><subfield code="a">MTL</subfield><subfield code="b">eng</subfield><subfield code="c">MTL</subfield><subfield code="d">OCLCQ</subfield></datafield><datafield ind1=" " ind2=" " tag="042"><subfield code="a">msc</subfield></datafield><datafield ind1="0" ind2="0" tag="245"><subfield code="a">Glendive daily ranger.</subfield></datafield><datafield ind1=" " ind2=" " tag="260"><subfield code="a">Glendive, Mont. :</subfield><subfield code="b">Eastern Montana Pub. Co.,</subfield><subfield code="c">1952-1957.</subfield></datafield><datafield ind1=" " ind2=" " tag="300"><subfield code="a">5 v. :</subfield><subfield code="b">ill. ;</subfield><subfield code="c">43 cm.</subfield></datafield><datafield ind1=" " ind2=" " tag="310"><subfield code="a">Daily (except Mon. and Sat.)</subfield></datafield><datafield ind1="0" ind2=" " tag="362"><subfield code="a">Vol. 1, no. 1 (Sept. 30, 1952)-v. 5, no. 876 (June 23, 1957).</subfield></datafield><datafield ind1=" " ind2=" " tag="752"><subfield code="a">United States</subfield><subfield code="b">Montana</subfield><subfield code="c">Dawson</subfield><subfield code="d">Glendive.</subfield></datafield><datafield ind1="0" ind2="0" tag="780"><subfield code="t">Dawson County review (Glendive, Mont. : 1947)</subfield><subfield code="w">(DLC)sn 86075159</subfield></datafield><datafield ind1="0" ind2="0" tag="785"><subfield code="t">Daily ranger</subfield><subfield code="w">(DLC)sn 86075157</subfield></datafield></record>